@INPROCEEDINGS{paris2007,
author={Sylvain Paris and Fr\'edo Durand},
booktitle={{2007 IEEE Conference on Computer Vision and Pattern Recognition}},
title={{A Topological Approach to Hierarchical Segmentation using Mean Shift}},
year={2007},
pages={1-8},
month={June}
}

@inproceedings{lee2009,
 author = {Lee, Honglak and Grosse, Roger and Ranganath, Rajesh and Ng, Andrew},
 title = {{Convolutional Deep Belief Networks for Scalable Unsupervised Learning of Hierarchical Representations}},
 booktitle = {{Proceedings of the 26th Annual International Conference on Machine Learning}},
 year = {2009},
 location = {Montreal, Quebec, Canada},
 pages = {609--616},
 publisher = {{ACM}},
 address = {New York, NY, USA}
} 

@ARTICLE{arbelaez2011,
author={Pablo Arbelaez and Michael Maire and Charles Fowlkes and Jitendra Malik},
journal={{IEEE Transactions on Pattern Analysis and Machine Intelligence}},
title={{Contour Detection and Hierarchical Image Segmentation}},
year={2011},
volume={33},
number={5},
pages={898-916},
month={May}
}

@inproceedings{farabet2012,
TITLE = {{Scene Parsing with Multiscale Feature Learning, Purity Trees, and Optimal Covers}},
AUTHOR = {Farabet, Cl{\'e}ment and Couprie, Camille and Najman, Laurent and Lecun, Yann},
BOOKTITLE = {{29th International Conference on Machine Learning (ICML 2012)}},
ADDRESS = {Edinburgh, United Kingdom},
EDITOR = {Andrew McCallum},
PAGES = {1-8},
YEAR = {2012},
MONTH = {Jun}
}

@ARTICLE{farabet2013,
author={Cl\'ement Farabet and Camille Couprie and Larent Najman and Yann LeCun},
journal={{IEEE Transactions on Pattern Analysis and Machine Intelligence}},
title={{Learning Hierarchical Features for Scene Labeling}},
year={2013},
volume={35},
number={8},
pages={1915-1929},
month={Aug}
}

@ARTICLE{MCG:7423791, 
 author={J. Pont-Tuset and P. Arbeláez and J. T. Barron and F. Marques and J. Malik}, 
 journal={IEEE Transactions on Pattern Analysis and Machine Intelligence}, 
 title={Multiscale Combinatorial Grouping for Image Segmentation and Object Proposal Generation}, 
 year={2017}, 
 volume={39}, 
 number={1}, 
 pages={128-140}, 
 doi={10.1109/TPAMI.2016.2537320}, 
 ISSN={0162-8828}, 
 month={Jan},
}

@article{simonyan2014,
  author    = {Karen Simonyan and Andrew Zisserman},
  title     = {Very Deep Convolutional Networks for Large-Scale Image Recognition},
  journal   = {CoRR},
  volume    = {abs/1409.1556},
  year      = {2014},
}

@InProceedings{lee2015,
  title = 	 {{Deeply-Supervised Nets}},
  author = 	 {Chen-Yu Lee and Saining Xie and Patrick Gallagher and Zhengyou Zhang and Zhuowen Tu},
  booktitle = 	 {Proceedings of the Eighteenth International Conference on Artificial Intelligence and Statistics},
  pages = 	 {562--570},
  year = 	 {2015},
  editor = 	 {Guy Lebanon and S. V. N. Vishwanathan},
  volume = 	 {38},
  series = 	 {Proceedings of Machine Learning Research},
  address = 	 {San Diego, California, USA},
  month = 	 {09--12 May},
  publisher = 	 {PMLR}
}

@InProceedings{cheng2016,
author={Cheng, Ming-Ming and Liu, Yun and Hou, Qibin and Bian, Jiawang and Torr, Philip  and Hu, Shi-Min and Tu, Zhuowen},
editor={Leibe, Bastian and Matas, Jiri and Sebe, Nicu and Welling, Max},
title={{HFS: Hierarchical Feature Selection for Efficient Image Segmentation}},
booktitle={Computer Vision -- ECCV 2016},
year={2016},
publisher={Springer International Publishing},
address={Cham},
pages={867--882}
}

@ARTICLE{badri2017,
author = {Vijay Badrinarayanan and Alex Kendall and Roberto Cipolla},
journal = {{IEEE Transactions on Pattern Analysis and Machine Intelligence}},
title = {SegNet: A Deep Convolutional Encoder-Decoder Architecture for Image Segmentation},
year = {2017},
volume = {39},
number = {12},
pages = {2481-2495},
month={Dec}
}

@ARTICLE{fan2017,
author={Jianping Fan and TTianyi Zhao and ZZhenzhong Kuang and Yu Zheng and Ji Zhang and Jun Yu and Jinye Peng},
journal={IEEE Transactions on Image Processing},
title={{HD-MTL: Hierarchical Deep Multi-Task Learning for Large-Scale Visual Recognition}},
year={2017},
volume={26},
number={4},
pages={1923-1938},
month={Apr}
}

@INPROCEEDINGS{RCF:8100105, 
author={Y. Liu and M. Cheng and X. Hu and K. Wang and X. Bai}, 
booktitle={2017 IEEE Conference on Computer Vision and Pattern Recognition (CVPR)}, 
title={Richer Convolutional Features for Edge Detection}, 
year={2017}, 
volume={}, 
number={}, 
pages={5872-5881}, 
doi={10.1109/CVPR.2017.622}, 
ISSN={1063-6919}, 
month={July},}

@ARTICLE{COB:7917294, 
author={K. Maninis and J. Pont-Tuset and P. Arbeláez and L. Van Gool}, 
journal={IEEE Transactions on Pattern Analysis and Machine Intelligence}, 
title={Convolutional Oriented Boundaries: From Image Segmentation to High-Level Tasks}, 
year={2018}, 
volume={40}, 
number={4}, 
pages={819-833}, 
ISSN={0162-8828}, 
month={April},}

@article{Xie:2017:HED:3158436.3158453,
 author = {Xie, Saining and Tu, Zhuowen},
 title = {Holistically-Nested Edge Detection},
 journal = {Int. J. Comput. Vision},
 issue_date = {December  2017},
 volume = {125},
 number = {1-3},
 month = 12,
 year = {2017},
 issn = {0920-5691},
 pages = {3--18},
 numpages = {16},
 url = {https://doi.org/10.1007/s11263-017-1004-z},
 doi = {10.1007/s11263-017-1004-z},
 acmid = {3158453},
 publisher = {Kluwer Academic Publishers},
 address = {Hingham, MA, USA},
} 

@book{DOMINGUEZ,
author = {Didier Domínguez and Roberto Rodríguez Morales},
title = {Image Segmentation: Advances},
year = {2016},
volume = {1},
number = {1}
}

@INPROCEEDINGS{KITTI,
  author = {Jannik Fritsch and Tobias Kuehnl and Andreas Geiger},
  title = {A New Performance Measure and Evaluation Benchmark for Road Detection Algorithms},
  booktitle = {International Conference on Intelligent Transportation Systems (ITSC)},
  year = {2013}
}

@ARTICLE{Segnet:2017:7803544, 
author={V. Badrinarayanan and A. Kendall and R. Cipolla}, 
journal={IEEE Transactions on Pattern Analysis and Machine Intelligence}, 
title={SegNet: A Deep Convolutional Encoder-Decoder Architecture for Image Segmentation}, 
year={2017}, 
volume={39}, 
number={12}, 
pages={2481-2495}, 
doi={10.1109/TPAMI.2016.2644615}, 
ISSN={0162-8828}, 
month={Dec},
url= {http://arxiv.org/abs/1511.00561},
eprint={1511.00561},
}

@ARTICLE{KONISHI:1159946, 
 author={S. Konishi and A. L. Yuille and J. M. Coughlan and Song Chun Zhu}, 
 journal={IEEE Transactions on Pattern Analysis and Machine Intelligence}, 
 title={Statistical edge detection: learning and evaluating edge cues}, 
 year={2003}, 
 volume={25}, 
 number={1}, 
 pages={57-74}, 
 doi={10.1109/TPAMI.2003.1159946}, 
 ISSN={0162-8828}, 
 month={Jan},
}

@ARTICLE{MARTIN:1273918, 
 author={D. R. Martin and C. C. Fowlkes and J. Malik}, 
 journal={IEEE Transactions on Pattern Analysis and Machine Intelligence}, 
 title={Learning to detect natural image boundaries using local brightness, color, and texture cues}, 
 year={2004}, 
 volume={26}, 
 number={5}, 
 pages={530-549}, 
 doi={10.1109/TPAMI.2004.1273918}, 
 ISSN={0162-8828}, 
 month={May},
}

@ARTICLE{StructuredEdges:2015, 
  author={P. Dollár and C. L. Zitnick}, 
  journal={IEEE Transactions on Pattern Analysis and Machine Intelligence}, 
  title={Fast Edge Detection Using Structured Forests}, 
  year={2015}, 
  volume={37}, 
  number={8}, 
  pages={1558-1570}, 
  doi={10.1109/TPAMI.2014.2377715}, 
  ISSN={0162-8828}, 
  month={Aug}
}

@INPROCEEDINGS{LIM:6619250, 
 author={J. J. Lim and C. L. Zitnick and P. Dollár}, 
 booktitle={2013 IEEE Conference on Computer Vision and Pattern Recognition}, 
 title={Sketch Tokens: A Learned Mid-level Representation for Contour and Object Detection}, 
 year={2013}, 
 volume={}, 
 number={}, 
 pages={3158-3165}, 
 doi={10.1109/CVPR.2013.406}, 
 ISSN={1063-6919}, 
 month={June},
}

@misc{chollet2015keras,
  title={Keras},
  author={Chollet, Fran\c{c}ois and others},
  year={2015},
  howpublished={\url{https://keras.io}},
}

@misc{tensorflow2015-whitepaper,
title={ {TensorFlow}: Large-Scale Machine Learning on Heterogeneous Systems},
url={https://www.tensorflow.org/},
note={Software available from tensorflow.org},
author={
    Mart\'{\i}n~Abadi and
    Ashish~Agarwal and
    Paul~Barham and
    Eugene~Brevdo and
    Zhifeng~Chen and
    Craig~Citro and
    Greg~S.~Corrado and
    Andy~Davis and
    Jeffrey~Dean and
    Matthieu~Devin and
    Sanjay~Ghemawat and
    Ian~Goodfellow and
    Andrew~Harp and
    Geoffrey~Irving and
    Michael~Isard and
    Yangqing Jia and
    Rafal~Jozefowicz and
    Lukasz~Kaiser and
    Manjunath~Kudlur and
    Josh~Levenberg and
    Dandelion~Man\'{e} and
    Rajat~Monga and
    Sherry~Moore and
    Derek~Murray and
    Chris~Olah and
    Mike~Schuster and
    Jonathon~Shlens and
    Benoit~Steiner and
    Ilya~Sutskever and
    Kunal~Talwar and
    Paul~Tucker and
    Vincent~Vanhoucke and
    Vijay~Vasudevan and
    Fernanda~Vi\'{e}gas and
    Oriol~Vinyals and
    Pete~Warden and
    Martin~Wattenberg and
    Martin~Wicke and
    Yuan~Yu and
    Xiaoqiang~Zheng},
  year={2015},
}

@article{Adadelta:2012,
  author    = {Matthew D. Zeiler},
  title     = {{ADADELTA:} An Adaptive Learning Rate Method},
  journal   = {CoRR},
  volume    = {abs/1212.5701},
  year      = {2012},
  url       = {http://arxiv.org/abs/1212.5701},
  archivePrefix = {arXiv},
  eprint    = {1212.5701},
  timestamp = {Mon, 13 Aug 2018 16:45:57 +0200},
  biburl    = {https://dblp.org/rec/bib/journals/corr/abs-1212-5701},
  bibsource = {dblp computer science bibliography, https://dblp.org}
}

@article{Adam:2014,
  author    = {Diederik P. Kingma and
               Jimmy Ba},
  title     = {Adam: {A} Method for Stochastic Optimization},
  journal   = {CoRR},
  volume    = {abs/1412.6980},
  year      = {2014},
  url       = {http://arxiv.org/abs/1412.6980},
  archivePrefix = {arXiv},
  eprint    = {1412.6980},
  timestamp = {Mon, 13 Aug 2018 16:47:35 +0200},
  biburl    = {https://dblp.org/rec/bib/journals/corr/KingmaB14},
  bibsource = {dblp computer science bibliography, https://dblp.org}
}

@article{Nesterov:1983wy,
  author = {Nesterov, Yurii},
  citeulike-article-id = {9501961},
  citeulike-linkout-0 = {http://www.core.ucl.ac.be/\~{}nesterov/Research/Papers/DAN83.pdf},
  journal = {Soviet Mathematics Doklady},
  pages = {372--376},
  posted-at = {2011-07-04 10:29:10},
  priority = {2},
  title = {{A method of solving a convex programming problem with convergence rate O(1/sqr(k))}},
  url = {http://www.core.ucl.ac.be/\~{}nesterov/Research/Papers/DAN83.pdf},
  volume = {27},
  year = {1983}
}
