@INPROCEEDINGS{paris2007,
author={Sylvain Paris and Fr\'edo Durand},
booktitle={{2007 IEEE Conference on Computer Vision and Pattern Recognition}},
title={{A Topological Approach to Hierarchical Segmentation using Mean Shift}},
year={2007},
pages={1-8},
month={June}
}

@inproceedings{lee2009,
 author = {Lee, Honglak and Grosse, Roger and Ranganath, Rajesh and Ng, Andrew},
 title = {{Convolutional Deep Belief Networks for Scalable Unsupervised Learning of Hierarchical Representations}},
 booktitle = {{Proceedings of the 26th Annual International Conference on Machine Learning}},
 year = {2009},
 location = {Montreal, Quebec, Canada},
 pages = {609--616},
 publisher = {{ACM}},
 address = {New York, NY, USA}
} 

@ARTICLE{arbelaez2011,
author={Pablo Arbelaez and Michael Maire and Charles Fowlkes and Jitendra Malik},
journal={{IEEE Transactions on Pattern Analysis and Machine Intelligence}},
title={{Contour Detection and Hierarchical Image Segmentation}},
year={2011},
volume={33},
number={5},
pages={898-916},
month={May}
}

@inproceedings{farabet2012,
TITLE = {{Scene Parsing with Multiscale Feature Learning, Purity Trees, and Optimal Covers}},
AUTHOR = {Farabet, Cl{\'e}ment and Couprie, Camille and Najman, Laurent and Lecun, Yann},
BOOKTITLE = {{29th International Conference on Machine Learning (ICML 2012)}},
ADDRESS = {Edinburgh, United Kingdom},
PAGES = {1-8},
YEAR = {2012},
MONTH = {Jun}
}

@ARTICLE{farabet2013,
author={Cl\'ement Farabet and Camille Couprie and Larent Najman and Yann LeCun},
journal={{IEEE Transactions on Pattern Analysis and Machine Intelligence}},
title={{Learning Hierarchical Features for Scene Labeling}},
year={2013},
volume={35},
number={8},
pages={1915-1929},
month={Aug}
}

@InProceedings{arbelaez2014,
author = {Arbelaez, Pablo and Pont-Tuset, Jordi and Barron, Jonathan T. and Marques, Ferran and Malik, Jitendra},
title = {{Multiscale Combinatorial Grouping}},
booktitle = {{The IEEE Conference on Computer Vision and Pattern Recognition (CVPR)}},
month = {June},
year = {2014}
}

@article{simonyan2014,
  author    = {Karen Simonyan and Andrew Zisserman},
  title     = {Very Deep Convolutional Networks for Large-Scale Image Recognition},
  journal   = {CoRR},
  volume    = {abs/1409.1556},
  year      = {2014},
}


@InProceedings{lee2015,
  title = 	 {{Deeply-Supervised Nets}},
  author = 	 {Chen-Yu Lee and Saining Xie and Patrick Gallagher and Zhengyou Zhang and Zhuowen Tu},
  booktitle = 	 {Proceedings of the Eighteenth International Conference on Artificial Intelligence and Statistics},
  pages = 	 {562--570},
  year = 	 {2015},
  volume = 	 {38},
  address = 	 {San Diego, California, USA},
  month = 	 {09--12 May},
  publisher = 	 {PMLR}
}

@InProceedings{xie2015,
author = {Xie, Saining and Tu, Zhuowen},
title = {Holistically-Nested Edge Detection},
booktitle = {The IEEE International Conference on Computer Vision (ICCV)},
month = {December},
year = {2015}
}  

@InProceedings{cheng2016,
author={Cheng, Ming-Ming and Liu, Yun and Hou, Qibin and Bian, Jiawang and Torr, Philip  and Hu, Shi-Min and Tu, Zhuowen},
title={{HFS: Hierarchical Feature Selection for Efficient Image Segmentation}},
booktitle={Computer Vision -- ECCV 2016},
year={2016},
publisher={Springer International Publishing},
address={Cham},
pages={867--882}
}


@ARTICLE{badri2017,
author = {Vijay Badrinarayanan and Alex Kendall and Roberto Cipolla},
journal = {{IEEE Transactions on Pattern Analysis and Machine Intelligence}},
title = {SegNet: A Deep Convolutional Encoder-Decoder Architecture for Image Segmentation},
year = {2017},
volume = {39},
number = {12},
pages = {2481-2495},
month={Dec}
}

@ARTICLE{fan2017,
author={Jianping Fan and TTianyi Zhao and ZZhenzhong Kuang and Yu Zheng and Ji Zhang and Jun Yu and Jinye Peng},
journal={IEEE Transactions on Image Processing},
title={{HD-MTL: Hierarchical Deep Multi-Task Learning for Large-Scale Visual Recognition}},
year={2017},
volume={26},
number={4},
pages={1923-1938},
month={Apr}
}

@INPROCEEDINGS{liu2017,
author = {Yun Liu and Ming-Ming Cheng and Xiaowei Hu and Kai Wang and Xiang Bai},
booktitle = {2017 IEEE Conference on Computer Vision and Pattern Recognition (CVPR)},
title = {Richer Convolutional Features for Edge Detection},
year = {2017},
pages = {5872-5881},
month={Jul}
}

@InProceedings{maninis2017,
author={Maninis, Kevis-Kokitsi and Pont-Tuset, Jordi and Arbel{\'a}ez, Pablo and Van Gool, Luc},
title={Convolutional Oriented Boundaries},
booktitle={Computer Vision -- ECCV 2016},
year={2016},
publisher={Springer International Publishing},
address={Cham},
pages={580--596}
}

@Article{xie2017,
author = {Xie, Saining and Tu, Zhuowen},
title={Holistically-Nested Edge Detection},
journal={International Journal of Computer Vision},
year={2017},
month={Dec},
volume={125},
number={1},
pages={3--18}       
}




@book{DOMINGUEZ,
author = {Didier Dom\'inguez and Roberto Rodr√≠guez Morales},
title = {Image Segmentation: Advances},
publisher={{Magnum Publishing LLC}},
year = {2016},
volume = {1},
number = {1}
}



@INPROCEEDINGS{KITTI,
  author = {Jannik Fritsch and Tobias Kuehnl and Andreas Geiger},
  title = {A New Performance Measure and Evaluation Benchmark for Road Detection Algorithms},
  booktitle = {International Conference on Intelligent Transportation Systems (ITSC)},
  year = {2013}
}





@misc{tensorflow2015-whitepaper,
title={ {TensorFlow}: Large-Scale Machine Learning on Heterogeneous Systems},
url={https://www.tensorflow.org/},
note={Software available from tensorflow.org},
author={
    Mart\'{\i}n~Abadi and
    others},
  year={2015},
}

@misc{chollet2015keras,
  title={Keras},
  author={Chollet, Fran\c{c}ois and others},
  year={2015},
  url={https://keras.io},
}

@article{dumoulin2016,
  title={A guide to convolution arithmetic for deep learning},
  author={Vincent Dumoulin and Francesco Visin},
  journal={CoRR},
  year={2016},
}

@Article{Caltagirone2018, 
Author = {Luca Caltagirone and Mauro Bellone and Lennart Svensson and Mattias Wahde}, 
Title = {LIDAR-Camera Fusion for Road Detection Using Fully Convolutional Neural Networks}, 
journal = {Robotics and Autonomous Systems}, 
year = 2018, 
ee = {https://doi.org/10.101/j.robot.2018.11.002}, 
} 

%%%%%%%%%%%%%%%%%%%%%%%%%%%%%%%%%%%%%%%%%%%%%%%%%%%%%%%%
% NEW PAPERS AFTER IJCNN ACCEPTANCE
% REVISION

@INPROCEEDINGS{Oeljeklaus2018, 
author={M. {Oeljeklaus} and F. {Hoffmann} and T. {Bertram}}, 
booktitle={2018 21st International Conference on Intelligent Transportation Systems (ITSC)}, 
title={A Fast Multi-Task CNN for Spatial Understanding of Traffic Scenes}, 
year={2018}, 
volume={}, 
number={}, 
pages={2825-2830}, 
doi={10.1109/ITSC.2018.8569822}, 
ISSN={2153-0017}, 
month={Nov},}

@INPROCEEDINGS{Yang2018, 
author={G. {Yang} and Z. {Yu} and Y. {Wang}}, 
booktitle={2018 Chinese Automation Congress (CAC)}, 
title={A Deep Convolutional Networks for Monocular Road Segmentation *}, 
year={2018}, 
volume={}, 
number={}, 
pages={3334-3338}, 
doi={10.1109/CAC.2018.8623642}, 
ISSN={}, 
month={Nov},}

@InProceedings{Saleem20018,
Title= {Use of a Confidence Map Towards Improved Multi-layer Stixel Segmentation},
Author = {Noor Haitham Saleem and Reinhard Klette and Fay Huang},
Booktitle = {IEEE International Conference on Advanced Video and Signal-based Surveillance AVSS2018)},
Year = {2018},
Month = {Nov},
Day = {27-30},
Conference = {IEEE International Conference on Advanced Video and Signal-based Surveillance AVSS2018)}
}

@InProceedings{Alvarez2012,
author={Alvarez, Jose M. and LeCun, Yann and Gevers, Theo and Lopez, Antonio M.},
editor={Fusiello, Andrea
and Murino, Vittorio
and Cucchiara, Rita},
title={Semantic Road Segmentation via Multi-scale Ensembles of Learned Features},
booktitle={Computer Vision -- ECCV 2012. Workshops and Demonstrations},
year={2012},
publisher={Springer Berlin Heidelberg},
address={Berlin, Heidelberg},
pages={586--595},
}

@inproceedings{Oliveira2016, 
author={G. L. {Oliveira} and W. {Burgard} and T. {Brox}}, 
booktitle={2016 IEEE/RSJ International Conference on Intelligent Robots and Systems (IROS)}, 
title={Efficient deep models for monocular road segmentation}, 
year={2016}, 
volume={}, 
number={}, 
pages={4885-4891}, 
doi={10.1109/IROS.2016.7759717}, 
ISSN={2153-0866}, 
month={Oct},}

@INPROCEEDINGS{Long2015, 
author={J. {Long} and E. {Shelhamer} and T. {Darrell}},
booktitle={2015 IEEE Conference on Computer Vision and Pattern Recognition (CVPR)}, 
title={Fully convolutional networks for semantic segmentation}, 
year={2015}, 
volume={}, 
number={}, 
pages={3431-3440}, 
doi={10.1109/CVPR.2015.7298965}, 
ISSN={1063-6919}, 
month={June},}

%% SUGGESTED BY REVISOR (NOT FOUND HOW TO CITE IT)

@inproceedings{Parajuli2018,
   author = {Parajuli, Biswas and Kumar, Piyush and Mukherjee, Tathagata and Pasiliao, Eduardo and Jambawalikar, Sachin},
   title = {Fusion of Aerial Lidar and Images for Road Segmentation with Deep CNN},
   booktitle = {Proceedings of the 26th ACM SIGSPATIAL International Conference on Advances in Geographic Information Systems},
   series = {SIGSPATIAL '18},
   year = {2018},
   isbn = {978-1-4503-5889-7},
   location = {Seattle, Washington},
   pages = {548--551},
   numpages = {4},
   url = {http://doi.acm.org/10.1145/3274895.3274993},
   doi = {10.1145/3274895.3274993},
   acmid = {3274993},
   publisher = {ACM},
   address = {New York, NY, USA},
} 

@Inbook{Rezaei2017,
  author={Rezaei, Mahdi and Klette, Reinhard},
  title={Vision-Based Driver-Assistance Systems},
  bookTitle={Computer Vision for Driver Assistance: Simultaneous Traffic and Driver Monitoring},
  year={2017},
  publisher={Springer International Publishing},
  pages={1--18},
  isbn={978-3-319-50551-0},
  doi={10.1007/978-3-319-50551-0_1}
}

@INPROCEEDINGS{He2016, 
  author={K. {He} and X. {Zhang} and S. {Ren} and J. {Sun}}, 
  booktitle={2016 IEEE Conference on Computer Vision and Pattern Recognition (CVPR)}, 
  title={Deep Residual Learning for Image Recognition},
  year={2016}, 
  volume={}, 
  number={}, 
  pages={770-778}, 
  doi={10.1109/CVPR.2016.90}, 
  ISSN={1063-6919}, 
  month={June},
}