@article{alsallakh18,
  title={Do Convolutional Neural Networks Learn Class Hierarchy?},
  author={Bilal Alsallakh and Amin Jourabloo and Mao Ye and Xiaoming Liu and Liu Ren},
  journal={{IEEE Transactions on Visualization and Computer Graphics}},
  year={2018},
  number={1},
  volume={24},
  pages={152-165}
}

@InProceedings{ilin17,
  title={Abstraction hierarchy in deep learning neural networks},
  author={Roman Ilin and Thomas Watson and Robert Kozma},
  Booktitle= {International Joint Conference on Neural Networks, 30.},
  Address= { Anchorage, Alaska},
  Publisher= {IEEE Computer Society},
  year={2017},
  pages={768-774}
}

@article{liu17,
  title={A survey of deep neural network architectures and their applications},
  author={Weibo Liu and Zidong Wang and Xiaohui Liu and Nianyin Zeng and Yurong Liu and Fuad E. Alsaadi},
  journal={{Neurocomputing}},
  year={2017},
  volume={234},
  pages={11-26},
}

@inproceedings{oReilly17,
  title={Deep Predictive Learning: A Comprehensive Model of Three Visual Streams},
  author={Randall C. O'Reilly and Dean Wyatte and John Rohrlich},
  year={2017}
}

@InProceedings{felix17,
  title={Local Binary Convolutional Neural Networks},
  author={Felix Juefei-Xu and Vishnu Naresh Boddeti and Marios Savvides},
  booktitle={Conference on Computer Vision and Pattern Recognition (CVPR)},
  Address= { Honolulu, Hawaii},
  Publisher= {IEEE Computer Society},
  year={2017},
  pages={4284-4293}
}

@inproceedings{zhang17,
 title	= {Understanding deep learning requires rethinking generalization},
 author	= {Chiyuan Zhang and Samy Bengio and Moritz Hardt and Benjamin Recht and Oriol Vinyals},
 booktitle={International Conference on Learning Representations},
 address={ Toulon, France},
 publisher={Computational and Biological Learning Society},
 year={2017},
}


@article{kuo16,
  title={Understanding convolutional neural networks with a mathematical model},
  author={C.-C. Jay Kuo},
  journal={{Journal of Visual Communication and Image Representation}},
  year ={2016},
  volume={41},
  pages={406-413},
}


@inproceedings{eigen14,
 title={Understanding deep architectures using a recursive convolutional network},
 author={David Eigen and Jason Rolfe and Robert Fergus and Yann Lecun},
 booktitle={International Conference on Learning Representations},
 address={ Banff, Canada},
 publisher={Computational and Biological Learning Society},
 year={2014},
}

@inproceedings{zeiler14,
  title = {{Visualizing and understanding convolutional networks}},
  author = {Zeiler, Matthew D. and Fergus, Rob},
  booktitle={European Conference on Computer Vision},
  address={ ZURICH, Switzerland},
  publisher={Springer International Publishing},
  volume = {8689},
  pages = {818--833},
  year = {2014}
}


@article{simonyan13,
  author= {Karen Simonyan and Andrea Vedaldi and Andrew Zisserman},
  title={Deep Inside Convolutional Networks: Visualising Image Classification Models and Saliency Maps},
  journal={{CoRR}},
  year={2013},
}


@article{marr82,
  author={Marr, David},
  journal={{Vision: A computational investigation into}},
  publisher={WH Freeman},
  address={New York, NY},
 volume = {8},
  year={1982},
}

@article{goodfellow16,
    author={Ian Goodfellow and Yoshua Bengio and Aaron Courville},
    journal={{Deep Learning}},
    publisher={MIT Press},
    address={Cambridge, MA},
    volume={1},
    year={2016},
}


@article{najman13,
  author={Najman, Laurent and Talbot, Hugues},
  journal={{Mathematical morphology: from theory to applications}},
  publisher={John Wiley \& Sons},
  address={Hoboken, USA},
  year={2013},  
}

@article{bosilj18,
  title={Partition and Inclusion Hierarchies of Images: A Comprehensive Survey},
  author={Bosilj, Petra and Kijak, Ewa and Lef{`e}vre, S{'e}bastien},
  journal={{Journal of Imaging}},
  volume={4},
  number={2},
  pages={33},
  year={2018},
  publisher={Multidisciplinary Digital Publishing Institute}
}

@article{liu17,
  title={A survey of deep neural network architectures and their applications},
  author={Liu, Weibo and Wang, Zidong and Liu, Xiaohui and Zeng, Nianyin and Liu, Yurong and Alsaadi, Fuad E},
  journal={{Neurocomputing}},
  volume={234},
  pages={11--26},
  year={2017},
  publisher={Elsevier}
}

@article{guigues06,
  title={Scale-sets image analysis},
  author={Guigues, Laurent and Cocquerez, Jean Pierre and Le Men, Herv{'e}},
  journal={{International Journal of Computer Vision}},
  volume={68},
  number={3},
  pages={289--317},
  year={2006},
  publisher={Springer}
}




@article{cousty17,
  TITLE = {{Hierarchical segmentations with graphs: quasi-flat zones, minimum spanning trees, and saliency maps}},
  AUTHOR = {Cousty, Jean and Najman, Laurent and Kenmochi, Yukiko and Guimar\~aes, Silvio},
  JOURNAL = {{Journal of Mathematical Imaging and Vision}},
  PUBLISHER = {Springer Verlag},
  YEAR = {2017},
}

@article{serra06,
  title={A lattice approach to image segmentation},
  author={Serra, Jean},
  journal={Journal of Mathematical Imaging and Vision},
  volume={24},
  number={1},
  pages={83--130},
  year={2006},
  publisher={Springer}
}


@inproceedings{charis17,
title = {{Morphological perceptrons: Geometry and training algorithms}},
author = {Charisopoulos, Vasileios and Maragos, Petros},
booktitle = {International Symposium on Mathematical Morphology and Its Applications to Signal and Image Processing},
Address= { Fontainebleau, France},
publisher={Springer, Berlin, Heidelberg},
year = {2017},
volume = {10225},
pages = {3--15},
}

@inproceedings{perret15,
  title={Evaluation of morphological hierarchies for supervised segmentation},
  author={Perret, Benjamin and Cousty, Jean and Ura, Jean Carlo Rivera and Guimar{~a}es, Silvio Jamil F},
  booktitle={International Symposium on Mathematical Morphology and Its Applications to Signal and Image Processing},
  address={  Fontainebleau, France},
  pages={39--50},
  year={2015},
  publisher={Springer}
}








