@inproceedings{jones97,
  title={Component trees for image filtering and segmentation},
  author={Jones, Ronald},
  booktitle={IEEE Workshop on Nonlinear Signal and Image Processing},
  volume={9},
  year={1997}
}

@article{xu16,
title = "Hierarchical image simplification and segmentation based on Mumford–Shah-salient level line selection",
author = "Yongchao Xu and Thierry Géraud and Laurent Najman",
journal = "Pattern Recognition Letters",
volume = "83",
pages = "278 - 286",
year = "2016",
}

@INPROCEEDINGS{cardelino06,
author={J. Cardelino and G. Randall and M. Bertalmio and V. Caselles},
booktitle={2006 International Conference on Image Processing},
title={Region Based Segmentation Using the Tree of Shapes},
year={2006},
pages={2421-2424},
month={Oct},
}

@InProceedings{najman12,
author="Soille, Pierre and Najman, Laurent",
title="On Morphological Hierarchical Representations for Image Processing and Spatial Data Clustering",
booktitle="Applications of Discrete Geometry and Mathematical Morphology",
year="2012",
publisher="Springer Berlin Heidelberg",
address="Berlin, Heidelberg",
pages="43--67",
}

@Article{cousty18,
author="Cousty, Jean and Najman, Laurent and Kenmochi, Yukiko and Guimar{\~a}es, Silvio",
title="Hierarchical Segmentations with Graphs: Quasi-flat Zones, Minimum Spanning Trees, and Saliency Maps",
journal="Journal of Mathematical Imaging and Vision",
year="2018",
month="May",
day="01",
volume="60",
number="4",
pages="479--502",
}


